@inproceedings{hofmann99lfpl,
  author       = {Martin Hofmann},
  title        = {Linear Types and Non-Size-Increasing Polynomial Time Computation},
  booktitle    = {14th Annual {IEEE} Symposium on Logic in Computer Science, Trento,
                  Italy, July 2-5, 1999},
  pages        = {464--473},
  publisher    = {{IEEE} Computer Society},
  year         = {1999},
  url          = {https://doi.org/10.1109/LICS.1999.782641},
  doi          = {10.1109/LICS.1999.782641},
  timestamp    = {Fri, 24 Mar 2023 00:01:50 +0100},
  biburl       = {https://dblp.org/rec/conf/lics/Hofmann99a.bib},
  bibsource    = {dblp computer science bibliography, https://dblp.org}
}



@article{hofmann04bll-realisability,
  author       = {Martin Hofmann and
                  Philip J. Scott},
  title        = {Realizability models for BLL-like languages},
  journal      = {Theor. Comput. Sci.},
  volume       = {318},
  number       = {1-2},
  pages        = {121--137},
  year         = {2004},
  url          = {https://doi.org/10.1016/j.tcs.2003.10.019},
  doi          = {10.1016/j.tcs.2003.10.019},
  timestamp    = {Wed, 17 Feb 2021 21:58:50 +0100},
  biburl       = {https://dblp.org/rec/journals/tcs/HofmannS04.bib},
  bibsource    = {dblp computer science bibliography, https://dblp.org}
}





@article{dallago11realisability,
  author       = {Ugo {Dal Lago} and
                  Martin Hofmann},
  title        = {Realizability models and implicit complexity},
  journal      = {Theor. Comput. Sci.},
  volume       = {412},
  number       = {20},
  pages        = {2029--2047},
  year         = {2011},
  url          = {https://doi.org/10.1016/j.tcs.2010.12.025},
  doi          = {10.1016/j.tcs.2010.12.025},
  timestamp    = {Wed, 17 Feb 2021 21:59:53 +0100},
  biburl       = {https://dblp.org/rec/journals/tcs/LagoH11.bib},
  bibsource    = {dblp computer science bibliography, https://dblp.org}
}



@inproceedings{atkey18qtt,
  author       = {Robert Atkey},
  editor       = {Anuj Dawar and
                  Erich Gr{\"{a}}del},
  title        = {Syntax and Semantics of Quantitative Type Theory},
  booktitle    = {Proceedings of the 33rd Annual {ACM/IEEE} Symposium on Logic in Computer
                  Science, {LICS} 2018, Oxford, UK, July 09-12, 2018},
  pages        = {56--65},
  publisher    = {{ACM}},
  year         = {2018},
  url          = {https://doi.org/10.1145/3209108.3209189},
  doi          = {10.1145/3209108.3209189},
  timestamp    = {Wed, 21 Nov 2018 12:44:18 +0100},
  biburl       = {https://dblp.org/rec/conf/lics/Atkey18.bib},
  bibsource    = {dblp computer science bibliography, https://dblp.org}
}

@inproceedings{norell2008dependently,
  title={Dependently typed programming in {A}gda},
  author={Norell, Ulf},
  booktitle={International school on advanced functional programming},
  pages={230--266},
  year={2008},
  organization={Springer}
}



@inproceedings{GueneauCP18,
  author       = {Arma{\"{e}}l Gu{\'{e}}neau and
                  Arthur Chargu{\'{e}}raud and
                  Fran{\c{c}}ois Pottier},
  editor       = {Amal Ahmed},
  title        = {A Fistful of Dollars: Formalizing Asymptotic Complexity Claims via
                  Deductive Program Verification},
  booktitle    = {Programming Languages and Systems - 27th European Symposium on Programming,
                  {ESOP} 2018, Held as Part of the European Joint Conferences on Theory
                  and Practice of Software, {ETAPS} 2018, Thessaloniki, Greece, April
                  14-20, 2018, Proceedings},
  series       = {Lecture Notes in Computer Science},
  volume       = {10801},
  pages        = {533--560},
  publisher    = {Springer},
  year         = {2018},
  url          = {https://doi.org/10.1007/978-3-319-89884-1\_19},
  doi          = {10.1007/978-3-319-89884-1\_19},
  timestamp    = {Tue, 05 Jul 2022 08:30:25 +0200},
  biburl       = {https://dblp.org/rec/conf/esop/GueneauCP18.bib},
  bibsource    = {dblp computer science bibliography, https://dblp.org}
}



@inproceedings{Danielsson08,
  author       = {Nils Anders Danielsson},
  editor       = {George C. Necula and
                  Philip Wadler},
  title        = {Lightweight semiformal time complexity analysis for purely functional
                  data structures},
  booktitle    = {Proceedings of the 35th {ACM} {SIGPLAN-SIGACT} Symposium on Principles
                  of Programming Languages, {POPL} 2008, San Francisco, California,
                  USA, January 7-12, 2008},
  pages        = {133--144},
  publisher    = {{ACM}},
  year         = {2008},
  url          = {https://doi.org/10.1145/1328438.1328457},
  doi          = {10.1145/1328438.1328457},
  timestamp    = {Fri, 25 Jun 2021 14:48:54 +0200},
  biburl       = {https://dblp.org/rec/conf/popl/Danielsson08.bib},
  bibsource    = {dblp computer science bibliography, https://dblp.org}
}



@article{NiuSGH22,
  author       = {Yue Niu and
                  Jonathan Sterling and
                  Harrison Grodin and
                  Robert Harper},
  title        = {A cost-aware logical framework},
  journal      = {Proc. {ACM} Program. Lang.},
  volume       = {6},
  number       = {{POPL}},
  pages        = {1--31},
  year         = {2022},
  url          = {https://doi.org/10.1145/3498670},
  doi          = {10.1145/3498670},
  timestamp    = {Mon, 05 Dec 2022 13:35:14 +0100},
  biburl       = {https://dblp.org/rec/journals/pacmpl/NiuSGH22.bib},
  bibsource    = {dblp computer science bibliography, https://dblp.org}
}



@inproceedings{mcbride16,
  author       = {Conor McBride},
  editor       = {Sam Lindley and
                  Conor McBride and
                  Philip W. Trinder and
                  Donald Sannella},
  title        = {I Got Plenty o' Nuttin'},
  booktitle    = {A List of Successes That Can Change the World - Essays Dedicated to
                  Philip Wadler on the Occasion of His 60th Birthday},
  series       = {Lecture Notes in Computer Science},
  volume       = {9600},
  pages        = {207--233},
  publisher    = {Springer},
  year         = {2016},
  url          = {https://doi.org/10.1007/978-3-319-30936-1\_12},
  doi          = {10.1007/978-3-319-30936-1\_12},
  timestamp    = {Tue, 14 May 2019 10:00:52 +0200},
  biburl       = {https://dblp.org/rec/conf/birthday/McBride16.bib},
  bibsource    = {dblp computer science bibliography, https://dblp.org}
}
